[
  {
    "a": 3456789000,
    "p": "64999.50",
    "q": "0.00100000",
    "f": 456789000,
    "l": 456789000,
    "T": 1710496800000,
    "m": false,
    "M": true
  },
  {
    "a": 3456789001,
    "p": "65000.00",
    "q": "0.00500000",
    "f": 456789001,
    "l": 456789001,
    "T": 1710496802340,
    "m": true,
    "M": true
  },
  {
    "a": 3456789002,
    "p": "65001.00",
    "q": "0.01230000",
    "f": 456789002,
    "l": 456789003,
    "T": 1710496804560,
    "m": false,
    "M": true
  },
  {
    "a": 3456789003,
    "p": "64999.00",
    "q": "0.00750000",
    "f": 456789004,
    "l": 456789004,
    "T": 1710496805100,
    "m": true,
    "M": true
  },
  {
    "a": 3456789004,
    "p": "65000.50",
    "q": "0.02340000",
    "f": 456789005,
    "l": 456789006,
    "T": 1710496806780,
    "m": false,
    "M": true
  },
  {
    "a": 3456789005,
    "p": "65001.50",
    "q": "0.00890000",
    "f": 456789007,
    "l": 456789007,
    "T": 1710496808900,
    "m": false,
    "M": true
  },
  {
    "a": 3456789006,
    "p": "64998.90",
    "q": "0.01500000",
    "f": 456789008,
    "l": 456789008,
    "T": 1710496810230,
    "m": true,
    "M": true
  },
  {
    "a": 3456789007,
    "p": "65002.10",
    "q": "0.00230000",
    "f": 456789009,
    "l": 456789009,
    "T": 1710496811450,
    "m": false,
    "M": true
  },
  {
    "a": 3456789008,
    "p": "65000.00",
    "q": "0.05000000",
    "f": 456789010,
    "l": 456789012,
    "T": 1710496814560,
    "m": false,
    "M": true
  },
  {
    "a": 3456789009,
    "p": "64999.50",
    "q": "0.03450000",
    "f": 456789013,
    "l": 456789013,
    "T": 1710496816780,
    "m": true,
    "M": true
  },
  {
    "a": 3456789010,
    "p": "65001.00",
    "q": "0.01000000",
    "f": 456789014,
    "l": 456789014,
    "T": 1710496817890,
    "m": false,
    "M": true
  },
  {
    "a": 3456789011,
    "p": "65003.00",
    "q": "0.00670000",
    "f": 456789015,
    "l": 456789015,
    "T": 1710496819230,
    "m": false,
    "M": true
  },
  {
    "a": 3456789012,
    "p": "64998.00",
    "q": "0.02100000",
    "f": 456789016,
    "l": 456789016,
    "T": 1710496820560,
    "m": true,
    "M": true
  },
  {
    "a": 3456789013,
    "p": "65000.00",
    "q": "0.00890000",
    "f": 456789017,
    "l": 456789017,
    "T": 1710496822340,
    "m": false,
    "M": true
  },
  {
    "a": 3456789014,
    "p": "64997.50",
    "q": "0.01340000",
    "f": 456789018,
    "l": 456789018,
    "T": 1710496823450,
    "m": true,
    "M": true
  },
  {
    "a": 3456789015,
    "p": "65004.20",
    "q": "0.00500000",
    "f": 456789019,
    "l": 456789019,
    "T": 1710496825670,
    "m": false,
    "M": true
  },
  {
    "a": 3456789016,
    "p": "65000.50",
    "q": "0.01230000",
    "f": 456789020,
    "l": 456789020,
    "T": 1710496826780,
    "m": false,
    "M": true
  },
  {
    "a": 3456789017,
    "p": "64996.50",
    "q": "0.03450000",
    "f": 456789021,
    "l": 456789022,
    "T": 1710496829890,
    "m": true,
    "M": true
  },
  {
    "a": 3456789018,
    "p": "65001.00",
    "q": "0.00780000",
    "f": 456789023,
    "l": 456789023,
    "T": 1710496831230,
    "m": false,
    "M": true
  },
  {
    "a": 3456789019,
    "p": "65005.00",
    "q": "0.01000000",
    "f": 456789024,
    "l": 456789024,
    "T": 1710496832560,
    "m": false,
    "M": true
  }
]